
@article{Breiman2001,
    year={2001},
    issn={0885-6125},
    journal={Machine Learning},
    volume={45},
    number={1},
    doi={10.1023/A:1010933404324},
    title={Random Forests},
    publisher={Kluwer Academic Publishers},
    keywords={classification; regression; ensemble},
    author={Breiman, Leo},
    pages={5-32},
    language={English},
}

@inproceedings{charlet2013,
  title={Impact of overlapping speech detection on speaker diarization for broadcast news and debates},
  author={Charlet, Delphine and Barras, Claude and Lienard, J-S},
  booktitle={Acoustics, Speech and Signal Processing (ICASSP)},
  pages={7707--7711},
  year={2013},
  organization={IEEE}
}

@inproceedings{larcher2013,
  title={ALIZE 3.0-open source toolkit for state-of-the-art speaker recognition.},
  author={Larcher, Anthony and Bonastre, Jean-Fran{\c{c}}ois and Fauve, Benoit GB and Lee, Kong-Aik and L{\'e}vy, Christophe and Li, Haizhou and Mason, John SD and Parfait, Jean-Yves},
  booktitle={INTERSPEECH},
  pages={2768--2772},
  year={2013}
}

@article{Hermansky1990,
author = {Hynek Hermansky},
title = {{Perceptual Linear Predictive (PLP) Analysis of Speech}},
publisher = {ASA},
year = {1990},
journal = {The Journal of the Acoustical Society of America},
volume = {87},
number = {4},
pages = {1738-1752},
doi = {10.1121/1.399423}
}

@inproceedings{Pelecanos2001,
  author = {Jason Pelecanos and Sridha Sridharan},
  title = {{Feature Warping for Robust Speaker Verification}},
  booktitle = {Proceedings of Odyssey 2001 - The Speaker Recognition Workshop},
  pages = {213-218},
  month = {June},
  year = {2001},
  address = {Crete, Greece},
}

@InProceedings{Giraudel2012,
author = {Aude Giraudel and Matthieu Carr\'{e} and Val\'{e}rie Mapelli and Juliette Kahn and Olivier Galibert and Ludovic Quintard},
title = {{The REPERE Corpus: a Multimodal Corpus for Person Recognition}},
booktitle = {International Conference on Language Resources and Evaluation},
year = {2012},
}

@InProceedings{KAHN--CBMI--2012,
  author = {Juliette Kahn and Olivier Galibert and Ludovic Quintard and Matthieu Carr\'{e} and Aude Giraudel and Philippe Joly},
  title = {{A presentation of the REPERE challenge}},
  booktitle = {CBMI}, 
  pages = {1-6}, 
  year = {2012},
}

@inproceedings{Gravier2012,
    title = {{The ETAPE Corpus for the Evaluation of Speech-based TV Content processing in the French language}},
    author = {Gravier, Guillaume and Adda, Gilles and Paulson, Niklas and Carr{\'e}, Matthieu and Giraudel, Aude and Galibert, Olivier},
    booktitle = {{International Conference on Language Resources, Evaluation and Corpora}},
    address = {Turkey},
    year = {2012},
}

@inproceedings{Bousquet2011,
        author= {Pierre-Michel Bousquet and Driss Matrouf and Jean-Fran\c{c}ois Bonastre},
        title= {{I}ntersession {C}ompensation and {S}coring {M}ethods in the i-vectors {S}pace for {S}peaker {R}ecognition},
        booktitle={Proceedings of the 12th Annual Conference of the International Speech Communication Association},
        year = {2011}
}
