%% This BibTeX bibliography file was created using BibDesk.
%% http://bibdesk.sourceforge.net/


%% Created for Yves Lepage at 2012-10-08 16:00:22 +0900 


%% Saved with string encoding Unicode (UTF-8) 



@article{Chmielik_TAL_52,
	Author = {Jolanta Chmielik and Natalia Grabar },
	Date-Added = {2012-10-08 06:56:09 +0000},
	Date-Modified = {2012-10-08 07:00:16 +0000},
	Journal = {TAL},
	Number = {2},
	Pages = {151--179},
	Title = {D{\'e}tection de la sp{\'e}cialisation scientifique et technique des documents biom{\'e}dicaux gr{\^a}ce aux informations morphologiques},
	Volume = {52},
	Year = {2011}}

@article{Celata_TAL_52,
	Author = {Chiara Celata and Basilio Calderone and Fabio Montermini },
	Date-Added = {2012-10-08 06:55:30 +0000},
	Date-Modified = {2012-10-08 06:59:53 +0000},
	Journal = {TAL},
	Number = {2},
	Pages = {123--149},
	Title = {Enriched sublexical representations to access morphological structures. A psycho-computational account},
	Volume = {52},
	Year = {2011}}

@article{Walther_TAL_52,
	Author = {G{\'e}raldine Walther and Beno{\^\i}t Sagot },
	Date-Added = {2012-10-08 06:54:55 +0000},
	Date-Modified = {2012-10-08 06:59:37 +0000},
	Journal = {TAL},
	Number = {2},
	Pages = {91--122},
	Title = {Mod{\'e}lisation et impl{\'e}mentation de ph{\'e}nom{\`e}nes flexionnels non canoniques},
	Volume = {52},
	Year = {2011}}

@article{Lavallee_TAL_52,
	Author = {Jean-Fran{\c c}ois Lavall{\'e}e and Philippe Langlais},
	Date-Added = {2012-10-08 06:53:59 +0000},
	Date-Modified = {2012-10-08 06:58:57 +0000},
	Journal = {TAL},
	Number = {2},
	Pages = {17--64},
	Title = {Moranapho : un syst{\`e}me multilingue d'analyse morphologique fond{\'e} sur l'analogie formelle},
	Volume = {52},
	Year = {2011}}

@article{Virpioja_TAL_52,
	Author = {Sami Virpioja and Ville T. Turunen and Sebastian Spiegler and Oskar Kohonen and Mikko Kurimo },
	Date-Added = {2012-10-08 06:51:47 +0000},
	Date-Modified = {2012-10-08 06:59:15 +0000},
	Journal = {TAL},
	Number = {2},
	Pages = {45--90},
	Title = {Empirical Comparison of Evaluation Methods for Unsupervised Learning of Morphology},
	Volume = {52},
	Year = {2011}}
